@misc{treegan,
      title={3D Point Cloud Generative Adversarial Network Based on Tree Structured Graph Convolutions}, 
      author={Dong Wook Shu and Sung Woo Park and Junseok Kwon},
      year={2019},
      eprint={1905.06292},
      archivePrefix={arXiv},
      primaryClass={cs.CV}
}


@misc{treegandisc,
      title={Learning Representations and Generative Models for 3D Point Clouds}, 
      author={Panos Achlioptas and Olga Diamanti and Ioannis Mitliagkas and Leonidas Guibas},
      year={2018},
      eprint={1707.02392},
      archivePrefix={arXiv},
      primaryClass={cs.CV}
}

@misc{gcnconv,
      title={Semi-Supervised Classification with Graph Convolutional Networks}, 
      author={Thomas N. Kipf and Max Welling},
      year={2017},
      eprint={1609.02907},
      archivePrefix={arXiv},
      primaryClass={cs.LG}
}